<?xml version="1.0" encoding="UTF-8"?><collection xmlns="http://www.loc.gov/MARC21/slim"><record><leader>00475nam--2200133-i-4500</leader><controlfield tag="001">000046293</controlfield><controlfield tag="002">20161230</controlfield><controlfield tag="005">20161230201045</controlfield><controlfield tag="008">060222s1000------------r-----000-0-eng-d</controlfield><datafield ind1=" " ind2=" " tag="080"><subfield code="a">539.32(043)</subfield></datafield><datafield ind1=" " ind2=" " tag="100"><subfield code="a">Vandersoupel, Maurice</subfield></datafield><datafield ind1=" " ind2=" " tag="245"><subfield code="a">Etude des orientations cristallines de tube files a chaud en acier ferritique et austenitique. influence de traitements thermiques sur les textures des tubes bruts de filage. these</subfield></datafield><datafield ind1=" " ind2=" " tag="260"><subfield code="a">Lille, Univ., 1963, 102p</subfield></datafield><datafield ind1=" " ind2=" " tag="852"><subfield code="a">78043</subfield></datafield></record></collection>